@book{Sutton1998,
  added-at = {2019-07-13T10:11:53.000+0200},
  author = {Sutton, Richard S. and Barto, Andrew G.},
  biburl = {https://www.bibsonomy.org/bibtex/2f46601cf8b13d39d1378af0d79438b12/lanteunis},
  edition = {Second},
  interhash = {ac6b144aaec1819919a2fba9f705c852},
  intrahash = {f46601cf8b13d39d1378af0d79438b12},
  keywords = {},
  publisher = {The MIT Press},
  timestamp = {2019-07-13T10:11:53.000+0200},
  title = {Reinforcement Learning: An Introduction},
  url = {http://incompleteideas.net/book/the-book-2nd.html},
  year = {2018 }
}


%How it was done in the past
% https://trello.com/c/SDcf51yD/20-330-grundlagen-2008-statistical-approach-how-it-was-done-in-the-past
@inproceedings{ristic2008statistical,
    title={Statistical analysis of motion patterns in AIS data: Anomaly detection and motion prediction},
    author={Ristic, Branko and La Scala, Barbara and Morelande, Mark and Gordon, Neil},
    booktitle={2008 11th International Conference on Information Fusion},
    pages={1--7},
    year={2008},
    organization={IEEE}
}


% MARLIN like project
% READ CONCLUSION (suggest usage of RL)
%https://trello.com/c/p2LqCE1s/25-3-framework-system-like-marlin-that-uses-hand-made-rules-for-anomaly-detection-iguess
@inproceedings{tsogas2019geospatial,
  title={A geospatial Complex Event Processing Engine for Abnormal Vessel Behavior Detection Suitable for Maritime Surveillance},
  author={Tsogas, Manolis and Parthymos, Polyzois and Moutzouris, Marios and Patlakas, Nektarios and Karagiannis, George and Kostaridis, Antonis and Diagourtas, Dimitris},
  booktitle={Conference; 1st Maritime Situational Awareness Workshop MSAW 2019},
  year={2019}
}


% Summary, history of anomaly detection
@inproceedings{zhang2020analysis,
  title={Analysis of vessel abnormal behavior detection},
  author={Zhang, YunBo and Zheng, ZhongYi and Xiang, Chen},
  booktitle={2020 2nd International Conference on Robotics Systems and Vehicle Technology},
  pages={45--53},
  year={2020}
}

% Multi agent system to simulate priracy/ abnormal behavior
@article{jakob2011using,
title={Using agents to improve international maritime transport security},
author={Jakob, Michal and Van{\u{e}}k, Ond{\v{r}}ej and P{\u{e}}chou{\v{c}}ek, Michal},
journal={IEEE Intelligent Systems},
volume={26},
number={1},
pages={90--96},
year={2011},
publisher={IEEE}
}

% From the other DLR institute
% Edgardo talked to them
@inproceedings{singh2020effectiveness,
  title={On the Effectiveness of AI-Assisted Anomaly Detection Methods in Maritime Navigation},
  author={Singh, Sandeep Kumar and Heymann, Frank},
  booktitle={2020 IEEE 23rd International Conference on Information Fusion (FUSION)},
  pages={1--7},
  year={2020},
  organization={IEEE}
}


% very good, Adaptive Chaos Differential
%Evolution Support Vector Regression
% comparison with RNN and so on
@article{liu2019vessel,
title={Vessel trajectory prediction model based on AIS sensor data and adaptive chaos differential evolution support vector regression (ACDE-SVR)},
author={Liu, Jiao and Shi, Guoyou and Zhu, Kaige},
journal={Applied Sciences},
volume={9},
number={15},
pages={2983},
year={2019},
publisher={Multidisciplinary Digital Publishing Institute}
}

%ACDE
@inproceedings{thangaraj2009simple,
  title={A simple adaptive differential evolution algorithm},
  author={Thangaraj, Radha and Pant, Millie and Abraham, Ajith},
  booktitle={2009 world congress on nature \& biologically inspired computing (nabic)},
  pages={457--462},
  year={2009},
  organization={IEEE}
}


% Deep Reinforcement Learning to CONTROL
% a vessel to follow a path
% Gaussian reward function
@inproceedings{martinsen2018curved,
title={Curved path following with deep reinforcement learning: Results from three vessel models},
author={Martinsen, Andreas B and Lekkas, Anastasios M},
booktitle={OCEANS 2018 MTS/IEEE Charleston},
pages={1--8},
year={2018},
organization={IEEE}
}


% using Floyd Algorithm for path planning and DRL for local view adjustments
@article{etemad2020using,
  title={Using deep reinforcement learning methods for autonomous vessels in 2d environments},
  author={Etemad, Mohammad and Zare, Nader and Sarvmaili, Mahtab and Soares, Am{\'\i}lcar and Machado, Bruno Brandoli and Matwin, Stan},
  journal={arXiv preprint arXiv:2003.10249},
  year={2020}
}

% LSTM and autoencoder to predict trajectories
% EXACT SOME TOPIC JUST WITH LSTM
@article{venskus2021unsupervised,
title={Unsupervised marine vessel trajectory prediction using LSTM network and wild bootstrapping techniques},
author={Venskus, Julius and Treigys, Povilas and Markevi{\v{c}}i{\=u}t{.e}, Jurgita},
journal={Nonlinear analysis: modelling and control},
volume={26},
number={4},
pages={718--737},
year={2021},
publisher={Vilniaus universiteto leidykla}
}


%AUV learns to take trajectories based on environement
@ARTICLE{9195789,
author={Samir, Moataz and Assi, Chadi and Sharafeddine, Sanaa and Ebrahimi, Dariush and Ghrayeb, Ali},
journal={IEEE Transactions on Vehicular Technology},
title={Age of Information Aware Trajectory Planning of UAVs in Intelligent Transportation Systems: A Deep Learning Approach},
year={2020},
volume={69},
number={11},
pages={12382-12395},
doi={10.1109/TVT.2020.3023861}}


% Controlling Land-Vehicle to plan trajectory
% Hold line, drive curve and so on
% on state_t see the whole trajectory
@Article{s18092905,
AUTHOR = {Yu, Lingli and Shao, Xuanya and Wei, Yadong and Zhou, Kaijun},
title = {Intelligent Land-Vehicle Model Transfer Trajectory Planning Method Based on Deep Reinforcement Learning},
JOURNAL = {Sensors},
VOLUME = {18},
YEAR = {2018},
NUMBER = {9},
ARTICLE-NUMBER = {2905},
ISSN = {1424-8220}
}


% DDPG AUV curved path following problem for underactuated vehicles
%under unknown ocean current influence using deep reinforcement learning
@article{wang2018reinforcement,
title={Reinforcement learning-based multi-AUV adaptive trajectory planning for under-ice field estimation},
author={Wang, Chaofeng and Wei, Li and Wang, Zhaohui and Song, Min and Mahmoudian, Nina},
journal={Sensors},
volume={18},
number={11},
pages={3859},
year={2018},
publisher={Multidisciplinary Digital Publishing Institute}
}

% Bezier curves and non deterministic vibrational genetic algorithm (GA)
@ARTICLE{6198334,  author={Roberge, Vincent and Tarbouchi, Mohammed and Labonte, Gilles},  journal={IEEE Transactions on Industrial Informatics},   title={Comparison of Parallel Genetic Algorithm and Particle Swarm Optimization for Real-Time UAV Path Planning},   year={2013},  volume={9},  number={1},  pages={132-141},  doi={10.1109/TII.2012.2198665}}




@article{perera2012maritime,
  title={Maritime traffic monitoring based on vessel detection, tracking, state estimation, and trajectory prediction},
  author={Perera, Lokukaluge P and Oliveira, Paulo and Soares, C Guedes},
  journal={IEEE Transactions on Intelligent Transportation Systems},
  volume={13},
  number={3},
  pages={1188--1200},
  year={2012},
  publisher={IEEE}
}

%LSTM predicting region
@inproceedings{cruz2019,
author = {Cruz, Nicolás and Marin, Luis and Saez, Doris},
year = {2019},
month = {07},
pages = {1-8},
title = {Prediction Intervals With LSTM Networks Trained By Joint Supervision},
doi = {10.1109/IJCNN.2019.8852215}
}



@article{zare2021continuous,
title={Continuous Control with Deep Reinforcement Learning for Autonomous Vessels},
author={Zare, Nader and Brandoli, Bruno and Sarvmaili, Mahtab and Soares, Amilcar and Matwin, Stan},
journal={arXiv preprint arXiv:2106.14130},
year={2021}
}



@Article{s20020426,
AUTHOR = {Guo, Siyu and Zhang, Xiuguo and Zheng, Yisong and Du, Yiquan},
TITLE = {An Autonomous Path Planning Model for Unmanned Ships Based on Deep Reinforcement Learning},
JOURNAL = {Sensors},
VOLUME = {20},
YEAR = {2020},
NUMBER = {2},
ARTICLE-NUMBER = {426},
URL = {https://www.mdpi.com/1424-8220/20/2/426},
ISSN = {1424-8220},
DOI = {10.3390/s20020426}
}


% master thesis from finish guy
% offline rl
@article{westerlund2021learning,
  title={Learning autonomous maritime navigation with offline reinforcement learning and marine traffic data},
  author={Westerlund, Jimmy},
  year={2021}
}


@misc{COLREG,
  author = {{International Maritime Organization}},
  title = {Convention on the International Regulations for Preventing Collisions at Sea, 1972 ({COLREGs})},
  year = 1972,
  url = {https://www.imo.org/en/About/Conventions/Pages/COLREG.aspx},
  urldate = {2021-09-11}
}

@article{mnih2013playing,
  title={Playing atari with deep reinforcement learning},
  author={Mnih, Volodymyr and Kavukcuoglu, Koray and Silver, David and Graves, Alex and Antonoglou, Ioannis and Wierstra, Daan and Riedmiller, Martin},
  journal={arXiv preprint arXiv:1312.5602},
  year={2013}
}

@article{mnih2015human,
  title={Human-level control through deep reinforcement learning},
  author={Mnih, Volodymyr and Kavukcuoglu, Koray and Silver, David and Rusu, Andrei A and Veness, Joel and Bellemare, Marc G and Graves, Alex and Riedmiller, Martin and Fidjeland, Andreas K and Ostrovski, Georg and others},
  journal={nature},
  volume={518},
  number={7540},
  pages={529--533},
  year={2015},
  publisher={Nature Publishing Group}
}
@inproceedings{hessel2018rainbow,
  title={Rainbow: Combining improvements in deep reinforcement learning},
  author={Hessel, Matteo and Modayil, Joseph and Van Hasselt, Hado and Schaul, Tom and Ostrovski, Georg and Dabney, Will and Horgan, Dan and Piot, Bilal and Azar, Mohammad and Silver, David},
  booktitle={Thirty-second AAAI conference on artificial intelligence},
  year={2018}
}


@misc{schulman2017proximal,
      title={Proximal Policy Optimization Algorithms}, 
      author={John Schulman and Filip Wolski and Prafulla Dhariwal and Alec Radford and Oleg Klimov},
      year={2017},
      eprint={1707.06347},
      archivePrefix={arXiv},
      primaryClass={cs.LG}
}
@misc{mnih2016asynchronous,
      title={Asynchronous Methods for Deep Reinforcement Learning}, 
      author={Volodymyr Mnih and Adrià Puigdomènech Badia and Mehdi Mirza and Alex Graves and Timothy P. Lillicrap and Tim Harley and David Silver and Koray Kavukcuoglu},
      year={2016},
      eprint={1602.01783},
      archivePrefix={arXiv},
      primaryClass={cs.LG}
}

@misc{schulman2017trust,
      title={Trust Region Policy Optimization}, 
      author={John Schulman and Sergey Levine and Philipp Moritz and Michael I. Jordan and Pieter Abbeel},
      year={2017},
      eprint={1502.05477},
      archivePrefix={arXiv},
      primaryClass={cs.LG}
}

@inproceedings{silver2014deterministic,
  title={Deterministic policy gradient algorithms},
  author={Silver, David and Lever, Guy and Heess, Nicolas and Degris, Thomas and Wierstra, Daan and Riedmiller, Martin},
  booktitle={International conference on machine learning},
  pages={387--395},
  year={2014},
  organization={PMLR}
}

@misc{lillicrap2019continuous,
      title={Continuous control with deep reinforcement learning}, 
      author={Timothy P. Lillicrap and Jonathan J. Hunt and Alexander Pritzel and Nicolas Heess and Tom Erez and Yuval Tassa and David Silver and Daan Wierstra},
      year={2019},
      eprint={1509.02971},
      archivePrefix={arXiv},
      primaryClass={cs.LG}
}

@misc{fujimoto2018addressing,
      title={Addressing Function Approximation Error in Actor-Critic Methods}, 
      author={Scott Fujimoto and Herke van Hoof and David Meger},
      year={2018},
      eprint={1802.09477},
      archivePrefix={arXiv},
      primaryClass={cs.AI}
}

@misc{haarnoja2018soft,
      title={Soft Actor-Critic: Off-Policy Maximum Entropy Deep Reinforcement Learning with a Stochastic Actor}, 
      author={Tuomas Haarnoja and Aurick Zhou and Pieter Abbeel and Sergey Levine},
      year={2018},
      eprint={1801.01290},
      archivePrefix={arXiv},
      primaryClass={cs.LG}
}


@misc{keypaperlist,
  author = {{OpenAI}},
  title = {Key Papers in Deep RL},
  year = 201,
  url = {https://spinningup.openai.com/en/latest/spinningup/keypapers.html},
  urldate = {2021-09-12}
}

@misc{levine2020offline

,
      title={Offline Reinforcement Learning: Tutorial, Review, and Perspectives on Open Problems}, 
      author={Sergey Levine and Aviral Kumar and George Tucker and Justin Fu},
      year={2020},
      eprint={2005.01643},
      archivePrefix={arXiv},
      primaryClass={cs.LG}
}




@article{fujimoto2019benchmarking,
  title={Benchmarking batch deep reinforcement learning algorithms},
  author={Fujimoto, Scott and Conti, Edoardo and Ghavamzadeh, Mohammad and Pineau, Joelle},
  journal={arXiv preprint arXiv:1910.01708},
  year={2019}
}

@article{paine2019making,
  title={Making efficient use of demonstrations to solve hard exploration problems},
  author={Paine, Tom Le and Gulcehre, Caglar and Shahriari, Bobak and Denil, Misha and Hoffman, Matt and Soyer, Hubert and Tanburn, Richard and Kapturowski, Steven and Rabinowitz, Neil and Williams, Duncan and others},
  journal={arXiv preprint arXiv:1909.01387},
  year={2019}
}

@misc{hester2017deep,
      title={Deep Q-learning from Demonstrations}, 
      author={Todd Hester and Matej Vecerik and Olivier Pietquin and Marc Lanctot and Tom Schaul and Bilal Piot and Dan Horgan and John Quan and Andrew Sendonaris and Gabriel Dulac-Arnold and Ian Osband and John Agapiou and Joel Z. Leibo and Audrunas Gruslys},
      year={2017},
      eprint={1704.03732},
      archivePrefix={arXiv},
      primaryClass={cs.AI}
}

@misc{fu2021d4rl,
      title={D4RL: Datasets for Deep Data-Driven Reinforcement Learning}, 
      author={Justin Fu and Aviral Kumar and Ofir Nachum and George Tucker and Sergey Levine},
      year={2021},
      eprint={2004.07219},
      archivePrefix={arXiv},
      primaryClass={cs.LG}
}


@misc{srinivas2020curl,
      title={CURL: Contrastive Unsupervised Representations for Reinforcement Learning}, 
      author={Aravind Srinivas and Michael Laskin and Pieter Abbeel},
      year={2020},
      eprint={2004.04136},
      archivePrefix={arXiv},
      primaryClass={cs.LG}
}

@misc{kostrikov2021image,
      title={Image Augmentation Is All You Need: Regularizing Deep Reinforcement Learning from Pixels}, 
      author={Ilya Kostrikov and Denis Yarats and Rob Fergus},
      year={2021},
      eprint={2004.13649},
      archivePrefix={arXiv},
      primaryClass={cs.LG}
}

@article{chen2021decision,
  title={Decision transformer: Reinforcement learning via sequence modeling},
  author={Chen, Lili and Lu, Kevin and Rajeswaran, Aravind and Lee, Kimin and Grover, Aditya and Laskin, Michael and Abbeel, Pieter and Srinivas, Aravind and Mordatch, Igor},
  journal={arXiv preprint arXiv:2106.01345},
  year={2021}
}

@misc{espeholt2018impala,
      title={IMPALA: Scalable Distributed Deep-RL with Importance Weighted Actor-Learner Architectures}, 
      author={Lasse Espeholt and Hubert Soyer and Remi Munos and Karen Simonyan and Volodymir Mnih and Tom Ward and Yotam Doron and Vlad Firoiu and Tim Harley and Iain Dunning and Shane Legg and Koray Kavukcuoglu},
      year={2018},
      eprint={1802.01561},
      archivePrefix={arXiv},
      primaryClass={cs.LG}
}



@misc{tim2018,
  author = {Tim Rocktäschel},
  title = {ADVICE FOR SHORT-TERM MACHINE LEARNING RESEARCH PROJECTS},
  year = 2018,
  url = {https://rockt.github.io/2018/08/29/msc-advice},
  urldate = {2021-09-14}
}



@misc{martinetraffic,
  author = {{MarineTraffic}},
  title = {MarineTraffic Live Map},
  year = 2021,
  url = {https://www.marinetraffic.com/en/ais/home/},
  urldate = {2021-09-18}
}


@misc{arxiv,
  author = {{arxiv.org}},
  title = {arXiv - search},
  year = 2021,
  url = {https://arxiv.org/},
  urldate = {2021-09-18}
}


@article{wiering2012reinforcement,
  title={Reinforcement learning},
  author={Wiering, Marco A and Van Otterlo, Martijn},
  journal={Adaptation, learning, and optimization},
  volume={12},
  number={3},
  year={2012},
  publisher={Springer}
}


@book{lin1992reinforcement,
  title={Reinforcement learning for robots using neural networks},
  author={Lin, Long-Ji},
  year={1992},
  publisher={Carnegie Mellon University}
}

@article{uhlenbeck1930theory,
  title={On the theory of the Brownian motion},
  author={Uhlenbeck, George E and Ornstein, Leonard S},
  journal={Physical review},
  volume={36},
  number={5},
  pages={823},
  year={1930},
  publisher={APS}
}


@article{barth2018distributed,
  title={Distributed distributional deterministic policy gradients},
  author={Barth-Maron, Gabriel and Hoffman, Matthew W and Budden, David and Dabney, Will and Horgan, Dan and Tb, Dhruva and Muldal, Alistair and Heess, Nicolas and Lillicrap, Timothy},
  journal={arXiv preprint arXiv:1804.08617},
  year={2018}
}


@article{degris2012off,
  title={Off-policy actor-critic},
  author={Degris, Thomas and White, Martha and Sutton, Richard S},
  journal={arXiv preprint arXiv:1205.4839},
  year={2012}
}

@article{berner2019dota,
  title={Dota 2 with large scale deep reinforcement learning},
  author={Berner, Christopher and Brockman, Greg and Chan, Brooke and Cheung, Vicki and D{\k{e}}biak, Przemys{\l}aw and Dennison, Christy and Farhi, David and Fischer, Quirin and Hashme, Shariq and Hesse, Chris and others},
  journal={arXiv preprint arXiv:1912.06680},
  year={2019}
}


@misc{ OpenAI_dota,
      author = {OpenAI},
      title = {OpenAI Five Defeats Dota 2 World Champions},
      howpublished={\url{https://openai.com/blog/openai-five-defeats-dota-2-world-champions/}},
      year = {2019}}
      
@article{yu2019incorporating,
  title={Incorporating causal factors into reinforcement learning for dynamic treatment regimes in HIV},
  author={Yu, Chao and Dong, Yinzhao and Liu, Jiming and Ren, Guoqi},
  journal={BMC medical informatics and decision making},
  volume={19},
  number={2},
  pages={19--29},
  year={2019},
  publisher={BioMed Central}
}

@article{tseng2017deep,
  title={Deep reinforcement learning for automated radiation adaptation in lung cancer},
  author={Tseng, Huan-Hsin and Luo, Yi and Cui, Sunan and Chien, Jen-Tzung and Ten Haken, Randall K and Naqa, Issam El},
  journal={Medical physics},
  volume={44},
  number={12},
  pages={6690--6705},
  year={2017},
  publisher={Wiley Online Library}
}

@article{fadlullah2017state,
  title={State-of-the-art deep learning: Evolving machine intelligence toward tomorrow’s intelligent network traffic control systems},
  author={Fadlullah, Zubair Md and Tang, Fengxiao and Mao, Bomin and Kato, Nei and Akashi, Osamu and Inoue, Takeru and Mizutani, Kimihiro},
  journal={IEEE Communications Surveys \& Tutorials},
  volume={19},
  number={4},
  pages={2432--2455},
  year={2017},
  publisher={IEEE}
}

@inproceedings{chinchali2018cellular,
  title={Cellular network traffic scheduling with deep reinforcement learning},
  author={Chinchali, Sandeep and Hu, Pan and Chu, Tianshu and Sharma, Manu and Bansal, Manu and Misra, Rakesh and Pavone, Marco and Katti, Sachin},
  booktitle={Thirty-second AAAI conference on artificial intelligence},
  year={2018}
}

@article{wu2016training,
  title={Training agent for first-person shooter game with actor-critic curriculum learning},
  author={Wu, Yuxin and Tian, Yuandong},
  year={2016}
}

@article{vinyals2019grandmaster,
  title={Grandmaster level in StarCraft II using multi-agent reinforcement learning},
  author={Vinyals, Oriol and Babuschkin, Igor and Czarnecki, Wojciech M and Mathieu, Micha{\"e}l and Dudzik, Andrew and Chung, Junyoung and Choi, David H and Powell, Richard and Ewalds, Timo and Georgiev, Petko and others},
  journal={Nature},
  volume={575},
  number={7782},
  pages={350--354},
  year={2019},
  publisher={Nature Publishing Group}
}

@inproceedings{johnson2016malmo,
  title={The Malmo Platform for Artificial Intelligence Experimentation.},
  author={Johnson, Matthew and Hofmann, Katja and Hutton, Tim and Bignell, David},
  booktitle={IJCAI},
  pages={4246--4247},
  year={2016},
  organization={Citeseer}
}

@inproceedings{todorov2012mujoco,
  title={Mujoco: A physics engine for model-based control},
  author={Todorov, Emanuel and Erez, Tom and Tassa, Yuval},
  booktitle={2012 IEEE/RSJ International Conference on Intelligent Robots and Systems},
  pages={5026--5033},
  year={2012},
  organization={IEEE}
}
@article{patil2021deep,
  title={Deep Reinforcement Learning for Continuous Docking Control of Autonomous Underwater Vehicles: A Benchmarking Study},
  author={Patil, Mihir and Wehbe, Bilal and Valdenegro-Toro, Matias},
  journal={arXiv preprint arXiv:2108.02665},
  year={2021}
}

@article{wood2013whom,
  title={Whom do children copy? Model-based biases in social learning},
  author={Wood, Lara A and Kendal, Rachel L and Flynn, Emma G},
  journal={Developmental Review},
  volume={33},
  number={4},
  pages={341--356},
  year={2013},
  publisher={Elsevier}
}

@inproceedings{ross2011reduction,
  title={A reduction of imitation learning and structured prediction to no-regret online learning},
  author={Ross, St{\'e}phane and Gordon, Geoffrey and Bagnell, Drew},
  booktitle={Proceedings of the fourteenth international conference on artificial intelligence and statistics},
  pages={627--635},
  year={2011},
  organization={JMLR Workshop and Conference Proceedings}
}



@misc{gym,
  Author = {Greg Brockman and Vicki Cheung and Ludwig Pettersson and Jonas Schneider and John Schulman and Jie Tang and Wojciech Zaremba},
  Title = {OpenAI Gym},
  Year = {2016},
  Eprint = {arXiv:1606.01540},
}
@article{venskus2017integration,
  title={Integration of a self-organizing map and a virtual pheromone for real-time abnormal movement detection in marine traffic},
  author={Venskus, Julius and Treigys, Povilas and Bernatavi{\v{c}}ien{\.e}, Jolita and Medvedev, Viktor and Voznak, Miroslav and Kurmis, Mindaugas and Bulbenkien{\.e}, Violeta},
  journal={Informatica},
  volume={28},
  number={2},
  pages={359--374},
  year={2017},
  publisher={Vilnius University Institute of Mathematics and Informatics}
}

@misc{SpinningUp2018,
    author = {Achiam, Joshua},
    title = {Spinning Up in Deep Reinforcement Learning},
    url = {https://github.com/openai/spinningup},
    year = {2018}
}

@misc{plappert2016kerasrl,
    author = {Matthias Plappert},
    title = {keras-rl},
    year = {2016},
    publisher = {GitHub},
    journal = {GitHub repository},
    howpublished = {\url{https://github.com/keras-rl/keras-rl}},
}

@article{hoffman2020acme,
    title={Acme: A Research Framework for Distributed Reinforcement Learning},
    author={Matt Hoffman and Bobak Shahriari and John Aslanides and Gabriel
        Barth-Maron and Feryal Behbahani and Tamara Norman and Abbas Abdolmaleki
        and Albin Cassirer and Fan Yang and Kate Baumli and Sarah Henderson and
        Alex Novikov and Sergio Gómez Colmenarejo and Serkan Cabi and Caglar
        Gulcehre and Tom Le Paine and Andrew Cowie and Ziyu Wang and Bilal Piot
        and Nando de Freitas},
    year={2020},
    journal={arXiv preprint arXiv:2006.00979},
    url={https://arxiv.org/abs/2006.00979},
}

@article{stable-baselines3,
  author  = {Antonin Raffin and Ashley Hill and Adam Gleave and Anssi Kanervisto and Maximilian Ernestus and Noah Dormann},
  title   = {Stable-Baselines3: Reliable Reinforcement Learning Implementations},
  journal = {Journal of Machine Learning Research},
  year    = {2021},
  volume  = {22},
  number  = {268},
  pages   = {1-8},
  url     = {http://jmlr.org/papers/v22/20-1364.html}
}

@article{moore1990efficient,
  title={Efficient memory-based learning for robot control},
  author={Moore, Andrew William},
  year={1990},
  publisher={Citeseer}
}
@incollection{NEURIPS2019_9015,
title = {PyTorch: An Imperative Style, High-Performance Deep Learning Library},
author = {Paszke, Adam and Gross, Sam and Massa, Francisco and Lerer, Adam and Bradbury, James and Chanan, Gregory and Killeen, Trevor and Lin, Zeming and Gimelshein, Natalia and Antiga, Luca and Desmaison, Alban and Kopf, Andreas and Yang, Edward and DeVito, Zachary and Raison, Martin and Tejani, Alykhan and Chilamkurthy, Sasank and Steiner, Benoit and Fang, Lu and Bai, Junjie and Chintala, Soumith},
booktitle = {Advances in Neural Information Processing Systems 32},
editor = {H. Wallach and H. Larochelle and A. Beygelzimer and F. d\textquotesingle Alch\'{e}-Buc and E. Fox and R. Garnett},
pages = {8024--8035},
year = {2019},
publisher = {Curran Associates, Inc.},
url = {http://papers.neurips.cc/paper/9015-pytorch-an-imperative-style-high-performance-deep-learning-library.pdf}
}

@article{le2022survey,
  title={A Survey on Imitation Learning Techniques for End-to-End Autonomous Vehicles},
  author={Le Mero, Luc and Yi, Dewei and Dianati, Mehrdad and Mouzakitis, Alexandros},
  journal={IEEE Transactions on Intelligent Transportation Systems},
  year={2022},
  publisher={IEEE}
}


@inproceedings{alvinn,
 author = {Pomerleau, Dean A.},
 booktitle = {Advances in Neural Information Processing Systems},
 editor = {D. Touretzky},
 pages = {},
 publisher = {Morgan-Kaufmann},
 title = {ALVINN: An Autonomous Land Vehicle in a Neural Network},
 volume = {1},
 year = {1988}
}

@misc{wang2020imitation,
  author = {Wang, Steven and Toyer, Sam and Gleave, Adam and Emmons, Scott},
  title = {The imitation Library for Imitation Learning and Inverse Reinforcement Learning},
  year = {2020},
  publisher = {GitHub},
  journal = {GitHub repository},
  howpublished = {\url{https://github.com/HumanCompatibleAI/imitation}},
}

@article{graser2019movingpandas,
  title={MovingPandas: efficient structures for movement data in Python},
  author={Graser, Anita},
  journal={GIForum},
  volume={1},
  pages={54--68},
  year={2019}
}

@software{kelsey_jordahl_2020_3946761,
  author       = {Kelsey Jordahl and
                  Joris Van den Bossche and
                  Martin Fleischmann and
                  Jacob Wasserman and
                  James McBride and
                  Jeffrey Gerard and
                  Jeff Tratner and
                  Matthew Perry and
                  Adrian Garcia Badaracco and
                  Carson Farmer and
                  Geir Arne Hjelle and
                  Alan D. Snow and
                  Micah Cochran and
                  Sean Gillies and
                  Lucas Culbertson and
                  Matt Bartos and
                  Nick Eubank and
                  maxalbert and
                  Aleksey Bilogur and
                  Sergio Rey and
                  Christopher Ren and
                  Dani Arribas-Bel and
                  Leah Wasser and
                  Levi John Wolf and
                  Martin Journois and
                  Joshua Wilson and
                  Adam Greenhall and
                  Chris Holdgraf and
                  Filipe and
                  François Leblanc},
  title        = {geopandas/geopandas: v0.8.1},
  month        = jul,
  year         = 2020,
  publisher    = {Zenodo},
  version      = {v0.8.1},
  doi          = {10.5281/zenodo.3946761},
  url          = {https://doi.org/10.5281/zenodo.3946761}
}


@misc{pytorch-survey,
  author = {Antonin Raffin},
  title = {Ml framework poll for Stable-Baselines3},
  year = 2020,
  url = {https://twitter.com/araffin2/status/1223310856471138306}
}



@misc{international2015revised,
  title={Revised Guidelines for the onboard operational use of shipborne automatic identification systems (AIS)},
  author={{International Maritime Organization}},
  year={2015},
  publisher={IMO London}
}


@misc{imo,
  author = {{International Maritime Organization}},
  title = {AIS transponders},
  year = 2022,
  url = {https://www.imo.org/en/OurWork/Safety/Pages/AIS.aspx}
}


@misc{imo2,
  author = {{International Maritime Organization}},
  title = {GUIDELINES FOR THE INSTALLATION OF A SHIPBORNE
AUTOMATIC IDENTIFICATION SYSTEM (AIS) },
  year = 2003,
  url = {https://www.navcen.uscg.gov/pdf/marcomms/imo/Circulars/IMO.SN.Circ.227_AIS_Installation.pdf}
}







% AIRL
@article{fu2017learning,
  title={Learning robust rewards with adversarial inverse reinforcement learning},
  author={Fu, Justin and Luo, Katie and Levine, Sergey},
  journal={arXiv preprint arXiv:1710.11248},
  year={2017}
}

% IRL in general
@inproceedings{russell1998learning,
  title={Learning agents for uncertain environments},
  author={Russell, Stuart},
  booktitle={Proceedings of the eleventh annual conference on Computational learning theory},
  pages={101--103},
  year={1998}
}

%overview
@article{zheng2021imitation,
  title={Imitation Learning: Progress, Taxonomies and Opportunities},
  author={Zheng, Boyuan and Verma, Sunny and Zhou, Jianlong and Tsang, Ivor and Chen, Fang},
  journal={arXiv preprint arXiv:2106.12177},
  year={2021}
}

@article{ho2016generative,
  title={Generative adversarial imitation learning},
  author={Ho, Jonathan and Ermon, Stefano},
  journal={Advances in neural information processing systems},
  volume={29},
  year={2016}
}

@article{goodfellow2014generative,
  title={Generative adversarial nets},
  author={Goodfellow, Ian and Pouget-Abadie, Jean and Mirza, Mehdi and Xu, Bing and Warde-Farley, David and Ozair, Sherjil and Courville, Aaron and Bengio, Yoshua},
  journal={Advances in neural information processing systems},
  volume={27},
  year={2014}
}

@article{wang2020deep,
  title={Deep reinforcement learning: a survey},
  author={Wang, Hao-nan and Liu, Ning and Zhang, Yi-yun and Feng, Da-wei and Huang, Feng and Li, Dong-sheng and Zhang, Yi-ming},
  journal={Frontiers of Information Technology \& Electronic Engineering},
  volume={21},
  number={12},
  pages={1726--1744},
  year={2020},
  publisher={Springer}
}

@incollection{mccloskey1989catastrophic,
  title={Catastrophic interference in connectionist networks: The sequential learning problem},
  author={McCloskey, Michael and Cohen, Neal J},
  booktitle={Psychology of learning and motivation},
  volume={24},
  pages={109--165},
  year={1989},
  publisher={Elsevier}
}


@misc{bremenports,
  title={FACTS \& FIGURES. THE PORTS OF BREMEN AND BREMERHAVEN},
  author={{bremenports GmbH \& Co. KG}},
  url={https://bremenports.de/wp-content/uploads/2021/05/2020_Hafenspiegel-EN.pdf},
  year={2020},
  urldate = {2022-03-14}
}


@inproceedings{smogeli2020open,
  title={Open Simulation Platform--An Open-Source Project for Maritime System Co-Simulation},
  author={Smogeli, {\O}yvind Rasmussen and Ludvigsen, Kristine Bruun and Jamt, Levi and Vik, Bj{\o}rnar and Nordahl, H{\aa}vard and Kyllingstad, Lars Tandle and Yum, Kevin Koosup and Zhang, Houxiang},
  booktitle={19th International Conference on Computer and IT Applications in the Maritime Industries},
  year={2020},
  organization={Technische Universit{\"a}t Hamburg-Harburg}
}